@book{Author2023,
    author    = {John Doe},
    title     = {Advanced Networking Protocols},
    publisher = {Tech Publishing},
    year      = {2023},
    address   = {New York, NY},
}

@misc{technica,
    author = {Technica Engineering},
    title = {ANDI Automotive Network Diagnoser},
    urldate = {2025-06-22},
    howpublished = {\url{https://www.technica-engineering.de/andi-automotive-network-diagnoser/}}
}

@misc{infineon,
    author = {Infineon Technologies AG},
    title = {Infineon Aurix™ Triboard},
    urldate = {2025-06-22},
    howpublished = {\url{https://www.infineon.com/cms/en/product/promopages/AURIX-microcontroller-boards/AURIX-TC2xx-Triboard-kits/AURIX-Triboard-TC297/}}
}


@article{Smith2022,
    author  = {Jane Smith},
    title   = {An Overview of CAN Bus Implementation},
    journal = {Journal of Automotive Engineering},
    year    = {2022},
    volume  = {45},
    number  = {2},
    pages   = {112--125},
}

@misc{InfineonTC297,
    author = {Infineon Technologies AG},
    title  = {AURIX™ TC29xT Data Sheet},
    year   = {2021},
    howpublished = {\url{https://www.infineon.com/}},
}

